<?xml version="1.0" encoding="UTF-8"?><collection xmlns="http://www.loc.gov/MARC21/slim"><record><leader>00374nam--2200145-i-4500</leader><controlfield tag="001">000047022</controlfield><controlfield tag="002">20161230</controlfield><controlfield tag="005">20161230201046</controlfield><controlfield tag="008">060222s1000------------r-----000-0-eng-d</controlfield><datafield ind1=" " ind2=" " tag="080"><subfield code="a">511.7</subfield></datafield><datafield ind1=" " ind2=" " tag="100"><subfield code="a">Vorobiev,N.N</subfield></datafield><datafield ind1=" " ind2=" " tag="245"><subfield code="a">Numerele lui fibonacci</subfield></datafield><datafield ind1=" " ind2=" " tag="260"><subfield code="a">Bucuresti, Ed.Tehnica, 1953. 44/-48/ P</subfield></datafield><datafield ind1=" " ind2=" " tag="490"><subfield code="a">Biblioteca Soc.De St.Mat.Si Fizice Din Rpr</subfield></datafield><datafield ind1=" " ind2=" " tag="852"><subfield code="a">3151</subfield></datafield></record></collection>